<?xml version="1.0" encoding="UTF-8"?>
<record xmlns="http://www.loc.gov/MARC21/slim" xmlns:xsi="http://www.w3.org/2001/XMLSchema-instance" xsi:schemaLocation="http://www.loc.gov/MARC21/slim http://www.loc.gov/standards/marcxml/schema/MARC21slim.xsd">
<leader>     nam a22002657a 4500</leader>
<controlfield tag="001">001682861</controlfield>
<controlfield tag="003">NNU</controlfield>
<controlfield tag="005">19990108164820.5</controlfield>
<controlfield tag="008">980806s1947    ua       b    000 0 ara</controlfield>
<datafield tag="010" ind1=" " ind2=" ">
<subfield code="a">96960693 //r98</subfield>
</datafield>
<datafield tag="035" ind1="9" ind2=" ">
<subfield code="a">NYUb12226278</subfield>
</datafield>
<datafield tag="035" ind1=" " ind2=" ">
<subfield code="a">(CStRLIN)DCLC96960693-B</subfield>
</datafield>
<datafield tag="040" ind1=" " ind2=" ">
<subfield code="a">DLC</subfield>
<subfield code="c">DLC</subfield>
<subfield code="d">DLC</subfield>
<subfield code="d">CStRLIN</subfield>
</datafield>
<datafield tag="042" ind1=" " ind2=" ">
<subfield code="a">lcode</subfield>
</datafield>
<datafield tag="050" ind1="0" ind2="0">
<subfield code="a">MLCMN 98/2931(P)</subfield>
</datafield>
<datafield tag="100" ind1="1" ind2=" ">
<subfield code="a">Rustum, ʻAbd al-Salām.</subfield>
</datafield>
<datafield tag="245" ind1="1" ind2="0">
<subfield code="a">Ṭayf al-walīd, aw, Ḥayāt al-Buḥturī :</subfield>
<subfield code="b">dirāsah wa-taḥlīl /</subfield>
<subfield code="c">bi-qalam ʻAbd al-Salām Rustum.</subfield>
</datafield>
<datafield tag="246" ind1="3" ind2="0">
<subfield code="a">Ḥayāt al-Buḥturī</subfield>
</datafield>
<datafield tag="260" ind1=" " ind2=" ">
<subfield code="a">[Cairo] :</subfield>
<subfield code="b">Dār al-Maʻārif bi-Miṣr,</subfield>
<subfield code="c">[1947?]</subfield>
</datafield>
<datafield tag="300" ind1=" " ind2=" ">
<subfield code="a">216 p. ;</subfield>
<subfield code="c">24 cm.</subfield>
</datafield>
<datafield tag="504" ind1=" " ind2=" ">
<subfield code="a">Includes bibliographical references.</subfield>
</datafield>
<datafield tag="653" ind1=" " ind2=" ">
<subfield code="a">Buḥturī, al-Walīd ibn ʻUbayd;</subfield>
<subfield code="a">Biographies</subfield>
</datafield>
<datafield tag="600" ind1="1" ind2="0">
<subfield code="a">Buḥturī, al-Walīd ibn ʻUbayd,</subfield>
<subfield code="d">ca. 821-897 or 8.</subfield>
</datafield>
<datafield tag="OWN" ind1=" " ind2=" ">
<subfield code="a">GENERAL</subfield>
</datafield>
<datafield tag="950" ind1=" " ind2=" ">
<subfield code="l">BMAIN</subfield>
<subfield code="a">PJ7745.B8</subfield>
<subfield code="b">Z7</subfield>
</datafield>
<datafield tag="955" ind1=" " ind2=" ">
<subfield code="l">BMAIN</subfield>
<subfield code="c">1</subfield>
<subfield code="r">028858861</subfield>
</datafield>
<datafield tag="998" ind1=" " ind2=" ">
<subfield code="s">9550</subfield>
</datafield>
<datafield tag="AVA" ind1=" " ind2=" ">
<subfield code="a">NYU50</subfield>
<subfield code="b">BOBST</subfield>
<subfield code="c">Main Collection</subfield>
<subfield code="d">PJ7745.B8 Z7</subfield>
<subfield code="e">unavailable</subfield>
<subfield code="t">Unavailable</subfield>
<subfield code="f">1</subfield>
<subfield code="g">1</subfield>
<subfield code="h">N</subfield>
<subfield code="i">0</subfield>
<subfield code="j">MAIN</subfield>
</datafield>
</record>
